[gd_scene load_steps=19 format=2]

[ext_resource path="res://src/sounds/variation.gd" type="Script" id=1]
[ext_resource path="res://src/sounds/soundboard.gd" type="Script" id=2]
[ext_resource path="res://src/sounds/varied_player.gd" type="Script" id=3]
[ext_resource path="res://assets/sounds/bfxrd/shoot1.wav" type="AudioStream" id=4]
[ext_resource path="res://assets/sounds/menu_click.wav" type="AudioStream" id=5]
[ext_resource path="res://assets/sounds/clock_tick.ogg" type="AudioStream" id=6]
[ext_resource path="res://assets/sounds/bfxrd/bomb1.wav" type="AudioStream" id=7]
[ext_resource path="res://assets/sounds/cultist_death.ogg" type="AudioStream" id=8]
[ext_resource path="res://assets/sounds/cultist_shoot.ogg" type="AudioStream" id=9]
[ext_resource path="res://assets/sounds/magical_explosion.wav" type="AudioStream" id=10]
[ext_resource path="res://assets/sounds/player_damage.ogg" type="AudioStream" id=11]
[ext_resource path="res://assets/sounds/player_throw_bomb.ogg" type="AudioStream" id=12]
[ext_resource path="res://assets/sounds/bfxrd/roll1.wav" type="AudioStream" id=13]
[ext_resource path="res://assets/sounds/projectile_blocked.wav" type="AudioStream" id=14]
[ext_resource path="res://assets/sounds/bfxrd/shield_down.wav" type="AudioStream" id=15]
[ext_resource path="res://assets/sounds/bfxrd/shield_up.wav" type="AudioStream" id=16]
[ext_resource path="res://assets/sounds/bell_tone.wav" type="AudioStream" id=17]
[ext_resource path="res://assets/sounds/clock_tick_fast.ogg" type="AudioStream" id=18]

[node name="Soundboard" type="Node"]
script = ExtResource( 2 )

[node name="BombBoom" type="Node" parent="."]
script = ExtResource( 1 )

[node name="File1" type="AudioStreamPlayer" parent="BombBoom"]
stream = ExtResource( 7 )
bus = "Sounds"
script = ExtResource( 3 )

[node name="ClockTick" type="Node" parent="."]
script = ExtResource( 1 )

[node name="File1" type="AudioStreamPlayer" parent="ClockTick"]
stream = ExtResource( 6 )
volume_db = 1.0
bus = "Sounds"
script = ExtResource( 3 )

[node name="CultistDeath" type="Node" parent="."]
script = ExtResource( 1 )

[node name="File1" type="AudioStreamPlayer" parent="CultistDeath"]
stream = ExtResource( 8 )
bus = "Sounds"
script = ExtResource( 3 )

[node name="CultistShoot" type="Node" parent="."]
script = ExtResource( 1 )

[node name="File1" type="AudioStreamPlayer" parent="CultistShoot"]
stream = ExtResource( 9 )
volume_db = -13.127
bus = "Sounds"
script = ExtResource( 3 )

[node name="MagicalExplosion" type="Node" parent="."]
script = ExtResource( 1 )

[node name="File1" type="AudioStreamPlayer" parent="MagicalExplosion"]
stream = ExtResource( 10 )
volume_db = -12.117
bus = "Sounds"
script = ExtResource( 3 )

[node name="MenuClick" type="Node" parent="."]
script = ExtResource( 1 )

[node name="File1" type="AudioStreamPlayer" parent="MenuClick"]
stream = ExtResource( 5 )
bus = "Sounds"
script = ExtResource( 3 )

[node name="PlayerDamage" type="Node" parent="."]
script = ExtResource( 1 )

[node name="File1" type="AudioStreamPlayer" parent="PlayerDamage"]
stream = ExtResource( 11 )
bus = "Sounds"
script = ExtResource( 3 )

[node name="PlayerShoot" type="Node" parent="."]
script = ExtResource( 1 )

[node name="File1" type="AudioStreamPlayer" parent="PlayerShoot"]
stream = ExtResource( 4 )
bus = "Sounds"
script = ExtResource( 3 )

[node name="ThrowBomb" type="Node" parent="."]
script = ExtResource( 1 )

[node name="File1" type="AudioStreamPlayer" parent="ThrowBomb"]
stream = ExtResource( 12 )
bus = "Sounds"
script = ExtResource( 3 )

[node name="ShieldBlock" type="Node" parent="."]
script = ExtResource( 1 )

[node name="File1" type="AudioStreamPlayer" parent="ShieldBlock"]
stream = ExtResource( 14 )
volume_db = 1.5
bus = "Sounds"
script = ExtResource( 3 )

[node name="ShieldDown" type="Node" parent="."]
script = ExtResource( 1 )

[node name="File1" type="AudioStreamPlayer" parent="ShieldDown"]
stream = ExtResource( 15 )
bus = "Sounds"
script = ExtResource( 3 )

[node name="ShieldUp" type="Node" parent="."]
script = ExtResource( 1 )

[node name="File1" type="AudioStreamPlayer" parent="ShieldUp"]
stream = ExtResource( 16 )
bus = "Sounds"
script = ExtResource( 3 )

[node name="Roll" type="Node" parent="."]
script = ExtResource( 1 )

[node name="File1" type="AudioStreamPlayer" parent="Roll"]
stream = ExtResource( 13 )
bus = "Sounds"
script = ExtResource( 3 )

[node name="Bell" type="Node" parent="."]
script = ExtResource( 1 )

[node name="File1" type="AudioStreamPlayer" parent="Bell"]
stream = ExtResource( 17 )
bus = "Sounds"
script = ExtResource( 3 )
pitch_max = 1.0

[node name="Switch" type="Node" parent="."]
script = ExtResource( 1 )

[node name="File1" type="AudioStreamPlayer" parent="Switch"]
stream = ExtResource( 18 )
volume_db = 2.0
bus = "Sounds"
script = ExtResource( 3 )
pitch_max = 1.0
