[gd_scene load_steps=41 format=2]

[ext_resource path="res://assets/bubble_left/bubble_left004.png" type="Texture" id=1]
[ext_resource path="res://src/ui/modebar.gd" type="Script" id=2]
[ext_resource path="res://assets/bubble_right/bubbles_right000t1.png" type="Texture" id=3]
[ext_resource path="res://src/ui/healthbar.gd" type="Script" id=4]
[ext_resource path="res://assets/back_left.png" type="Texture" id=5]
[ext_resource path="res://assets/back_right.png" type="Texture" id=6]
[ext_resource path="res://assets/bubble_left/bubble_left000.png" type="Texture" id=7]
[ext_resource path="res://assets/bubble_left/bubble_left007.png" type="Texture" id=8]
[ext_resource path="res://assets/bubble_left/bubble_left006.png" type="Texture" id=9]
[ext_resource path="res://assets/bubble_left/bubble_left008.png" type="Texture" id=10]
[ext_resource path="res://assets/bubble_left/bubble_left009.png" type="Texture" id=11]
[ext_resource path="res://assets/bubble_left/bubble_left002.png" type="Texture" id=12]
[ext_resource path="res://assets/bubble_left/bubble_left001.png" type="Texture" id=13]
[ext_resource path="res://assets/bubble_left/bubble_left003.png" type="Texture" id=14]
[ext_resource path="res://assets/bubble_left/bubble_left005.png" type="Texture" id=15]
[ext_resource path="res://assets/bubble_left/bubble_left014.png" type="Texture" id=16]
[ext_resource path="res://assets/bubble_left/bubble_left015.png" type="Texture" id=17]
[ext_resource path="res://assets/bubble_left/bubble_left011.png" type="Texture" id=18]
[ext_resource path="res://assets/bubble_left/bubble_left012.png" type="Texture" id=19]
[ext_resource path="res://assets/bubble_left/bubble_left010.png" type="Texture" id=20]
[ext_resource path="res://assets/bubble_left/bubble_left013.png" type="Texture" id=21]
[ext_resource path="res://assets/bubble_right/bubbles_right000t17.png" type="Texture" id=22]
[ext_resource path="res://assets/bubble_right/bubbles_right000t6.png" type="Texture" id=23]
[ext_resource path="res://assets/glass_bracket_left.png" type="Texture" id=24]
[ext_resource path="res://assets/glass_bracket_right.png" type="Texture" id=25]
[ext_resource path="res://assets/bubble_right/bubbles_right000t2.png" type="Texture" id=26]
[ext_resource path="res://assets/bubble_right/bubbles_right000t9.png" type="Texture" id=27]
[ext_resource path="res://assets/bubble_right/bubbles_right000t10.png" type="Texture" id=28]
[ext_resource path="res://assets/bubble_right/bubbles_right000t13.png" type="Texture" id=29]
[ext_resource path="res://assets/bubble_right/bubbles_right000t12.png" type="Texture" id=30]
[ext_resource path="res://assets/bubble_right/bubbles_right000t5.png" type="Texture" id=31]
[ext_resource path="res://assets/bubble_right/bubbles_right000t8.png" type="Texture" id=32]
[ext_resource path="res://assets/bubble_right/bubbles_right000t7.png" type="Texture" id=33]
[ext_resource path="res://assets/bubble_right/bubbles_right000t11.png" type="Texture" id=34]
[ext_resource path="res://assets/bubble_right/bubbles_right000t14.png" type="Texture" id=35]
[ext_resource path="res://assets/bubble_left/bubble_left016.png" type="Texture" id=36]
[ext_resource path="res://assets/bubble_right/bubbles_right000t15.png" type="Texture" id=37]
[ext_resource path="res://assets/bubble_right/bubbles_right000t4.png" type="Texture" id=38]
[ext_resource path="res://assets/bubble_right/bubbles_right000t16.png" type="Texture" id=39]
[ext_resource path="res://assets/bubble_right/bubbles_right000t3.png" type="Texture" id=40]

[node name="HUDLayer" type="CanvasLayer"]

[node name="HUD" type="Control" parent="."]
anchor_right = 1.0
anchor_bottom = 1.0
margin_left = 0.0458369
margin_top = -0.209991
margin_right = 0.0457764
margin_bottom = -0.209961
__meta__ = {
"_edit_use_anchors_": false
}

[node name="HealthBack" type="TextureRect" parent="HUD"]
visible = false
margin_right = 40.0
margin_bottom = 40.0
texture = ExtResource( 5 )
__meta__ = {
"_edit_lock_": true,
"_edit_use_anchors_": false
}

[node name="Healthbar" type="TextureProgress" parent="HUD"]
modulate = Color( 1, 1, 1, 0.784314 )
anchor_bottom = 1.0
margin_left = 11.7512
margin_top = 65.1459
margin_right = 41.7512
margin_bottom = -62.8541
value = 100.0
texture_progress = ExtResource( 7 )
fill_mode = 3
tint_progress = Color( 0.254902, 0.792157, 0.376471, 1 )
script = ExtResource( 4 )
__meta__ = {
"_edit_use_anchors_": false
}
textures = [ ExtResource( 7 ), ExtResource( 13 ), ExtResource( 12 ), ExtResource( 14 ), ExtResource( 1 ), ExtResource( 15 ), ExtResource( 9 ), ExtResource( 8 ), ExtResource( 10 ), ExtResource( 11 ), ExtResource( 20 ), ExtResource( 18 ), ExtResource( 19 ), ExtResource( 21 ), ExtResource( 16 ), ExtResource( 17 ), ExtResource( 36 ) ]

[node name="HealthGlass" type="TextureRect" parent="HUD"]
anchor_top = 0.5
anchor_bottom = 0.5
margin_top = -224.0
margin_right = 48.0
margin_bottom = 224.0
texture = ExtResource( 24 )
__meta__ = {
"_edit_lock_": true,
"_edit_use_anchors_": false
}

[node name="ModeBack" type="TextureRect" parent="HUD"]
visible = false
anchor_left = 1.0
anchor_right = 1.0
anchor_bottom = 1.0
margin_left = -128.0
texture = ExtResource( 6 )
__meta__ = {
"_edit_lock_": true,
"_edit_use_anchors_": false
}

[node name="Modebar" type="TextureProgress" parent="HUD"]
modulate = Color( 1, 1, 1, 0.784314 )
anchor_left = 1.0
anchor_top = 1.0
anchor_right = 1.0
anchor_bottom = 1.0
margin_left = -41.9566
margin_top = -511.708
margin_right = -11.9566
margin_bottom = -63.7082
value = 100.0
texture_progress = ExtResource( 3 )
fill_mode = 3
tint_progress = Color( 0.933333, 0.0823529, 0.0705882, 1 )
script = ExtResource( 2 )
__meta__ = {
"_edit_use_anchors_": false
}
textures = [ ExtResource( 3 ), ExtResource( 26 ), ExtResource( 40 ), ExtResource( 38 ), ExtResource( 31 ), ExtResource( 23 ), ExtResource( 33 ), ExtResource( 32 ), ExtResource( 27 ), ExtResource( 28 ), ExtResource( 34 ), ExtResource( 30 ), ExtResource( 29 ), ExtResource( 35 ), ExtResource( 37 ), ExtResource( 39 ), ExtResource( 22 ) ]
tint_attack = Color( 0.933333, 0.0823529, 0.0705882, 1 )
tint_defense = Color( 0.2, 0.364706, 0.992157, 1 )

[node name="ModeGlass" type="TextureRect" parent="HUD"]
anchor_left = 1.0
anchor_top = 0.5
anchor_right = 1.0
anchor_bottom = 0.5
margin_left = -48.0
margin_top = -224.0
margin_bottom = 224.0
texture = ExtResource( 25 )
__meta__ = {
"_edit_lock_": true,
"_edit_use_anchors_": false
}
